%!TEX root = ./master.tex
@book {huybrechts-lehn-sheaves,
    AUTHOR = {Huybrechts, Daniel and Lehn, Manfred},
     TITLE = {The geometry of moduli spaces of sheaves},
    SERIES = {Cambridge Mathematical Library},
   EDITION = {Second},
 PUBLISHER = {Cambridge University Press, Cambridge},
      YEAR = {2010},
      ISBN = {978-0-521-13420-0},
   MRCLASS = {14D20 (14F05)},
  MRNUMBER = {2665168},
}

@book{vakil-algebraic-geometry,
  title={The rising sea},
  subtitle={Foundations of algebraic geometry},
  author={Vakil, Ravi},
  year={2017},
  month={Feb},
  url={http://math.stanford.edu/~vakil/216blog/FOAGfeb0717public.pdf}
}

@masterthesis{hemminghaus-verlinde-bundles,
  title={Families of polarized K3 surfaces and associated bundles},
  author={Hemminghaus, Christian},
  year={2015},
  note={Master thesis}
}

@book {arbarello-geometry-algebraic-curves,
    AUTHOR = {Arbarello, Enrico and Cornalba, Maurizio and Griffiths, Pillip
              A.},
     TITLE = {Geometry of algebraic curves. {V}ol. {I}},
    SERIES = {Grundlehren der Mathematischen Wissenschaften},
    VOLUME = {267},
 PUBLISHER = {Springer-Verlag, New York},
      YEAR = {1985},
      ISBN = {0-387-90997-4},
   MRCLASS = {14Hxx (14-02)},
  MRNUMBER = {770932},
MRREVIEWER = {Werner Kleinert},
}

@incollection {laumon-fascieaux-automorphes,
    AUTHOR = {Laumon, G\'erard},
     TITLE = {Faisceaux automorphes li\'es aux s\'eries d'{E}isenstein},
 BOOKTITLE = {Automorphic forms, {S}himura varieties, and {$L$}-functions,
              {V}ol.\ {I} ({A}nn {A}rbor, {MI}, 1988)},
    SERIES = {Perspect. Math.},
    VOLUME = {10},
     PAGES = {227--281},
 PUBLISHER = {Academic Press, Boston, MA},
      YEAR = {1990},
   MRCLASS = {11R39 (11F70 22E50)},
  MRNUMBER = {1044822},
}
@article {ramamathan-deformations,
    AUTHOR = {Ramanathan, Annamalai},
     TITLE = {Deformations of principal bundles on the projective line},
   JOURNAL = {Invent. Math.},
  FJOURNAL = {Inventiones Mathematicae},
    VOLUME = {71},
      YEAR = {1983},
    NUMBER = {1},
     PAGES = {165--191},
      ISSN = {0020-9910},
   MRCLASS = {14D15 (14F05)},
  MRNUMBER = {688263},
MRREVIEWER = {Klaus Hulek},
}
@article {schatz-degeneration-specialization,
    AUTHOR = {Shatz, Stephen S.},
     TITLE = {Degeneration and specialization in algebraic families of
              vector bundles},
   JOURNAL = {Bull. Amer. Math. Soc.},
  FJOURNAL = {Bulletin of the American Mathematical Society},
    VOLUME = {82},
      YEAR = {1976},
    NUMBER = {4},
     PAGES = {560--562},
      ISSN = {0002-9904},
   MRCLASS = {14F05 (14D20)},
  MRNUMBER = {0407020},
MRREVIEWER = {Knud Lnsted},
}
@book {weibel-homological-algebra,
    AUTHOR = {Weibel, Charles A.},
     TITLE = {An introduction to homological algebra},
    SERIES = {Cambridge Studies in Advanced Mathematics},
    VOLUME = {38},
 PUBLISHER = {Cambridge University Press, Cambridge},
      YEAR = {1994},
      ISBN = {0-521-43500-5; 0-521-55987-1},
   MRCLASS = {18-01 (16-01 17-01 20-01 55Uxx)},
  MRNUMBER = {1269324},
MRREVIEWER = {Kenneth A. Brown},

}

@book {bourbaki-commutative-algebra,
    AUTHOR = {Bourbaki, Nicolas},
     TITLE = {Elements of mathematics. {C}ommutative algebra},
      NOTE = {Translated from the French},
 PUBLISHER = {Hermann, Paris; Addison-Wesley Publishing Co., Reading, Mass.},
      YEAR = {1972},
     PAGES = {xxiv+625},
   MRCLASS = {13-XX},
  MRNUMBER = {0360549},
}
@article {lange-universal-extensions,
    AUTHOR = {Lange, Herbert},
     TITLE = {Universal families of extensions},
   JOURNAL = {J. Algebra},
  FJOURNAL = {Journal of Algebra},
    VOLUME = {83},
      YEAR = {1983},
    NUMBER = {1},
     PAGES = {101--112},
      ISSN = {0021-8693},
   MRCLASS = {14F05 (14D20 32C35 32G05)},
  MRNUMBER = {710589},
MRREVIEWER = {Georg Schumacher},
}

@article{egaii,
  title={{\'E}l{\'e}ments de g{\'e}om{\'e}trie alg{\'e}brique. II. {\'E}tude globale {\'e}l{\'e}mentaire de quelques classes de morphismes},
  author={Dieudonn{\'e}, Jean and Grothendieck, Alexander},
  journal={Inst. Hautes {\'E}tudes Sci. Publ. Math},
  volume={8},
  pages={222},
  year={1961},
  shorthand={Ã‰GA II}
}

@book {eisenbud-harris-intersection-theory,
    AUTHOR = {Eisenbud, David and Harris, Joe},
     TITLE = {3264 and all that---a second course in algebraic geometry},
 PUBLISHER = {Cambridge University Press, Cambridge},
      YEAR = {2016},
}

@book {okonek-schneider-spindler,
    AUTHOR = {Okonek, Christian and Schneider, Michael and Spindler, Heinz},
     TITLE = {Vector bundles on complex projective spaces},
    SERIES = {Modern Birkh\"auser Classics},
      NOTE = {With an appendix by S. I. Gelfand},
 PUBLISHER = {Birkh\"auser/Springer Basel AG, Basel},
      YEAR = {1980},
      ISBN = {978-3-0348-0150-8},
   MRCLASS = {14J60 (14D20)},
  MRNUMBER = {2815674},
}
@article {ellia-fibres-uniformes,
    AUTHOR = {Ellia, Philippe},
     TITLE = {Sur les fibr\'es uniformes de rang {$(n+1)$}\ sur {${\bf
              P}^{n}$}},
   JOURNAL = {M\'em. Soc. Math. France (N.S.)},
  FJOURNAL = {M\'emoire de la Soci\'et\'e Math\'ematique de France. Nouvelle S\'erie},
    NUMBER = {7},
      YEAR = {1982},
     PAGES = {60},
      ISSN = {0583-8665},
   MRCLASS = {14F05},
  MRNUMBER = {662180},
MRREVIEWER = {Klaus Hulek},
}

@article {shah-degenerations-k3,
    AUTHOR = {Shah, Jayant},
     TITLE = {Degenerations of {$K3$}\ surfaces of degree {$4$}},
   JOURNAL = {Trans. Amer. Math. Soc.},
  FJOURNAL = {Transactions of the American Mathematical Society},
    VOLUME = {263},
      YEAR = {1981},
    NUMBER = {2},
      ISSN = {0002-9947},
   MRCLASS = {14J25 (14J10 14J17)},
  MRNUMBER = {594410},
MRREVIEWER = {Ulf Persson},
}

@article {lefschetz-theorem-quasiprojective,
    AUTHOR = {Hamm, Helmut A. and L\^e D\~ung Tr\'ang},
     TITLE = {Lefschetz theorems on quasiprojective varieties},
   JOURNAL = {Bull. Soc. Math. France},
  FJOURNAL = {Bulletin de la Soci\'et\'e Math\'ematique de France},
    VOLUME = {113},
      YEAR = {1985},
    NUMBER = {2},
      ISSN = {0037-9484},
   MRCLASS = {32C10 (14F99)},
  MRNUMBER = {820315},
MRREVIEWER = {R. R. Simha},
}